@online{ edn_2014,
    title={Synchronizer techniques for multi-clock domain SoCs \& FPGAs},
    url={http://www.edn.com/synchronizer-techniques-for-multi-clock-domain-socs-fpgas}, journal={EDN},
    publisher={EDN},
    author={EDN},
    year={2014},
    month=sep
}
@online{ wolfe,
    title={Note names, MIDI numbers and frequencies},
    url={https://newt.phys.unsw.edu.au/jw/notes.html},
    journal={Note names, MIDI numbers and frequencies},
    publisher={The University New South Wales},
    author={Wolfe, Joe}
}
@online{ wiki_adsr,
    title={Envelope (music)},
    url={https://en.wikipedia.org/wiki/Envelope_(music)},
    journal={Wikipedia}, publisher={Wikimedia Foundation},
    year={2020},
    month=apr
} 